@book{Leissa,
title={Vibration of Plates},
author={Leissa, A. W.},
publisher={National Aeronautics and Space Administration},
year={1969},
address={Washington, D.C.},
pages={80},
langid={english}
}
